<record><leader>00000cas a22000007a 4500</leader><controlfield tag="001">10493597</controlfield><controlfield tag="008">840307d184u184umouir ne      0    0eng  </controlfield><datafield ind1=" " ind2=" " tag="010"><subfield code="a">sn 84020228 </subfield></datafield><datafield ind1=" " ind2=" " tag="040"><subfield code="a">DLC</subfield><subfield code="b">eng</subfield><subfield code="c">DLC</subfield><subfield code="d">MQN</subfield><subfield code="d">NVF</subfield><subfield code="d">OCLCQ</subfield></datafield><datafield ind1=" " ind2=" " tag="042"><subfield code="a">msc</subfield></datafield><datafield ind1="0" ind2="0" tag="050"><subfield code="a">Newspaper 8583-X</subfield></datafield><datafield ind1="0" ind2=" " tag="130"><subfield code="a">St. Louis new era (Saint Louis, Mo. : Triweekly)</subfield></datafield><datafield ind1="1" ind2="0" tag="245"><subfield code="a">St. Louis new era.</subfield></datafield><datafield ind1="3" ind2="0" tag="246"><subfield code="a">Saint Louis new era</subfield></datafield><datafield ind1=" " ind2=" " tag="250"><subfield code="a">[For the Country].</subfield></datafield><datafield ind1=" " ind2=" " tag="260"><subfield code="a">St. Louis, Mo. :</subfield><subfield code="b">[s.n.]</subfield></datafield><datafield ind1=" " ind2=" " tag="300"><subfield code="a">v. ;</subfield><subfield code="c">68 cm.</subfield></datafield><datafield ind1=" " ind2=" " tag="310"><subfield code="a">Triweekly</subfield></datafield><datafield ind1=" " ind2=" " tag="588"><subfield code="a">Description based on: (Mar. 5/6, 1845).</subfield></datafield><datafield ind1=" " ind2=" " tag="752"><subfield code="a">United States</subfield><subfield code="b">Missouri</subfield><subfield code="d">Saint Louis.</subfield></datafield><datafield ind1="0" ind2=" " tag="775"><subfield code="t">St. Louis new era (Saint Louis, Mo. : Daily)</subfield><subfield code="w">(DLC)sn 84020209</subfield></datafield><datafield ind1="0" ind2=" " tag="775"><subfield code="t">St. Louis new era (Saint Louis, Mo. : Weekly)</subfield><subfield code="w">(DLC)sn 84020211</subfield></datafield><datafield ind1="1" ind2=" " tag="029"><subfield code="a">AU@</subfield><subfield code="b">000025807235</subfield></datafield></record>